@article{cobotic,
author={Bernard Claverie and Benoît Le Blanc and Pascal Fouillat},
title={La cobotique},
journal={Presses univ. de Bordeaux "Communication \& Organisation"},
page={203 - 214},
year={2013}
}

@article{pddl,
author = {Ghallab, Malik and Knoblock, Craig and Wilkins, David and Barrett, Anthony and Christianson, Dave and Friedman, Marc and Kwok, Chung and Golden, Keith and Penberthy, Scott and Smith, David and Sun, Ying and Weld, Daniel},
year = {1998},
month = {08},
pages = {},
title = {PDDL - The Planning Domain Definition Language}
}

@article{pddl_temporal,
  author    = {Maria Fox and
               Derek Long},
  title     = {{PDDL2.1:} An Extension to {PDDL} for Expressing Temporal Planning
               Domains},
  journal   = {J. Artif. Intell. Res.},
  volume    = {20},
  pages     = {61--124},
  year      = {2003}
}

@book{opt,
author = {MCDERMOTT, Drew},
title = {OPT Manual version 1.7.3},
year = {2005}
}

@article{adl,
  title={ADL and the state-transition model of action},
  author={Pednault, Edwin PD},
  journal={Journal of logic and computation},
  volume={4},
  number={5},
  pages={467--512},
  year={1994},
  publisher={Dov Gabbay}}

@article{lfd,
  title={A survey of robot learning from demonstration},
  author={Argall, Brenna D and Chernova, Sonia and Veloso, Manuela and Browning, Brett},
  journal={Robotics and autonomous systems},
  volume={57},
  number={5},
  pages={469--483},
  year={2009},
  publisher={Elsevier}
}


@book{ir,
author = {Rijsbergen, C. J. Van},
title = {Information Retrieval},
year = {1979},
edition = {2nd},
publisher = {Butterworth-Heinemann}
}

@article{pddl4j,
  title={PDDL4J: a planning domain description library for java},
  author={Pellier, Damien and Fiorino, Humbert},
  journal={Journal of Experimental \& Theoretical Artificial Intelligence},
  volume={30},
  number={1},
  pages={143--176},
  year={2018},
  publisher={Taylor \& Francis}
}

@book{GhallabNauTraverso,
  title={Automated Planning: theory and practice},
  author={Ghallab, Malik and Nau, Dana and Traverso, Paolo},
  year={2004},
  publisher={Elsevier}
}

@book{DBLP:books/hal/Pellier18,
  title={Contributions {\`a} la planification automatique pour la conduite de syst{\`e}mes autonomes},
  author={Pellier, Damien},
  year={2018},
  school={Université Grenoble Alpes}
}
