
@techreport{dupont:inria-00073241,
  title={Inférence grammaticale régulière: fondements théoriques et principaux algorithmes},
  author={Dupont, Pierre and Miclet, Laurent},
  year={1998},
  school={INRIA}
}

@article{GOLD1967447,
  title={Language identification in the limit},
  author={Gold, E Mark},
  journal={Information and control},
  volume={10},
  number={5},
  pages={447--474},
  year={1967},
  publisher={Elsevier}
}

@article{KL,
  title={A general class of coefficients of divergence of one distribution from another},
  author={Ali, Syed Mumtaz and Silvey, Samuel D},
  journal={Journal of the Royal Statistical Society: Series B (Methodological)},
  volume={28},
  number={1},
  pages={131--142},
  year={1966},
  publisher={Wiley Online Library}
}

@Article{Quinlan1986,
  title={Induction of decision trees},
  author={Quinlan, J. Ross},
  journal={Machine learning},
  volume={1},
  number={1},
  pages={81--106},
  year={1986},
  publisher={Springer}}

@book{Hopcroft:2006:IAT:1196416,
  title={Introduction to automata theory, languages, and computation},
  author={Hopcroft, John E},
  year={2008},
  publisher={Pearson Education India}
}

@book{cornuejols:hal-01829395,
  title={. Apprentissage artificiel-3e édition: Deep Learning, Concepts et algorithmes},
  author={Cornuéjols, Antoine and Miclet, Laurent and Barra, Vincent},
  year={2018}
}

@inproceedings{gig,
  title={Regular grammatical inference from positive and negative samples by genetic search: the GIG method},
  author={Dupont, Pierre},
  booktitle={International Colloquium on Grammatical Inference},
  pages={236--245},
  year={1994},
  organization={Springer}
}

@article{rpni,
  title={Inferring regular languages in polynomial updated time},
  author={Oncina, José and Garcia, Pedro},
  booktitle={Pattern recognition and image analysis: selected papers from the IVth Spanish Symposium},
  pages={49--61},
  year={1992},
  organization={World Scientific}
}

@INPROCEEDINGS{rpni2,
  title={Incremental regular inference},
  author={Dupont, Pierre},
  booktitle={International Colloquium on Grammatical Inference},
  pages={222--237},
  year={1996},
  organization={Springer}
}

@article{evidence,
  title={Evidence driven state merging with search},
  author={Lang, K},
  journal={Rapport technique TR98--139, NECI},
  volume={31},
  year={1998},
  publisher={Citeseer}
}

@article{id,
  title={A note on the number of queries needed to identify regular languages},
  author={Angluin, Dana},
  journal={Information and control},
  volume={51},
  number={1},
  pages={76--87},
  year={1981},
  publisher={Elsevier}
}

@article{iid,
  title={A polynomial time incremental algorithm for learning DFA},
  author={Parekh, Rajesh and Nichitiu, Codrin and Honavar, Vasant},
  booktitle={International Colloquium on Grammatical Inference},
  pages={37--49},
  year={1998},
  organization={Springer}
}

@ARTICLE{ktssi,
  title={Inference of k-testable languages in the strict sense and application to syntactic pattern recognition},
  author={Garcia, Pedro and Vidal, Enrique},
  journal={IEEE Transactions on Pattern Analysis and Machine Intelligence},
  volume={12},
  number={9},
  pages={920--925},
  year={1990},
  publisher={IEEE}
}

@article{ecgi,
  title={Efficient regular grammatical inference techniques by the use of partial similarities and their logical relationships},
  author={Kudo, Mineichi and Shimbo, Masaru},
  journal={Pattern recognition},
  volume={21},
  number={4},
  pages={401--409},
  year={1988},
  publisher={Elsevier}}


@article{mggi,
  title={On the use of the morphic generator grammatical inference (MGGI) methodology in automatic speech recognition},
  author={Garcia, Pedro and Segarra, Encarna and Vidal, Enrique and Galiano, Isabel},
  journal={International Journal of Pattern Recognition and Artificial Intelligence},
  volume={4},
  number={04},
  pages={667--685},
  year={1990},
  publisher={World Scientific}
}

