@book{mitchell1998introduction,
  title={An introduction to genetic algorithms},
  author={Mitchell, Melanie},
  year={1998},
  publisher={MIT press}
}

@book{pearl2014probabilistic,
  title={Probabilistic reasoning in intelligent systems: networks of plausible inference},
  author={Pearl, Judea},
  year={2014},
  publisher={Elsevier}
}

@article{sutton1988learning,
  title={Learning to predict by the methods of temporal differences},
  author={Sutton, Richard S},
  journal={Machine learning},
  volume={3},
  number={1},
  pages={9--44},
  year={1988},
  publisher={Springer}
}

@inproceedings{bonet2009automatic,
  title={Automatic derivation of memoryless policies and finite-state controllers using classical planners},
  author={Bonet, Blai and Palacios, H{\'e}ctor and Geffner, H{\'e}ctor},
  booktitle={Nineteenth International Conference on Automated Planning and Scheduling},
  year={2009}
}

@incollection{lstm,
  title={Serial order: A parallel distributed processing approach},
  author={Jordan, Michael I},
  booktitle={Advances in psychology},
  volume={121},
  pages={471--495},
  year={1997},
  publisher={Elsevier}
}

@Article{Borchers1998,
  title={A two-phase exact algorithm for MAX-SAT and weighted MAX-SAT problems},
  author={Borchers, Brian and Furman, Judith},
  journal={Journal of Combinatorial Optimization},
  volume={2},
  number={4},
  pages={299--306},
  year={1998},
  publisher={Springer}}

@article{Richardson:2006:MLN:1113907.1113910,
  title={Markov logic networks},
  author={Richardson, Matthew and Domingos, Pedro},
  journal={Machine learning},
  volume={62},
  number={1-2},
  pages={107--136},
  year={2006},
  publisher={Springer}}

@inproceedings{Boser:1992:TAO:130385.130401,
title={A training algorithm for optimal margin classifiers},
author={Boser, Bernhard E and Guyon, Isabelle M and Vapnik, Vladimir N},
booktitle={Proceedings of the fifth annual workshop on Computational learning theory},
pages={144--152},
year={1992},
organization={ACM}
}

@inproceedings{surprise,
title={Surprise-based learning for developmental robotics},
author={Ranasinghe, Nadeesha and Shen, Wei-Min},
booktitle={2008 ECSIS Symposium on Learning and Adaptive Behaviors for Robotic Systems (LAB-RS)},
pages={65--70},
year={2008},
organization={IEEE}}

@article{transfert,
title={A survey on transfer learning},
author={Pan, Sinno Jialin and Yang, Qiang},
journal={IEEE Transactions on knowledge and data engineering},
volume={22},
number={10},
pages={1345--1359},
year={2009},
publisher={IEEE}}

@inproceedings{candidate_validation,
  title={Version spaces: A candidate elimination approach to rule learning},
  author={Mitchell, Tom M},
  booktitle={Proceedings of the 5th international joint conference on Artificial intelligence-Volume 1},
  pages={305--310},
  year={1977},
  organization={Morgan Kaufmann Publishers Inc.}
}

@inproceedings{DBLP:conf/ecml/DriessensRB01,
  author    = {Kurt Driessens and
               Jan Ramon and
               Hendrik Blockeel},
  title     = {Speeding Up Relational Reinforcement Learning through the Use of an
               Incremental First Order Decision Tree Learner},
  booktitle = {Machine Learning: {EMCL} 2001, 12th European Conference on Machine
               Learning},
  pages     = {97--108},
  year      = {2001}
  }

  @inproceedings{DBLP:conf/ilp/RibeiroI14,
  author    = {Tony Ribeiro and
               Katsumi Inoue},
  title     = {Learning Prime Implicant Conditions from Interpretation Transition},
  booktitle = {Inductive Logic Programming - 24th International Conference, {ILP}},
  pages     = {108--125},
  year      = {2014}
  }
