@incollection{expo,
  title={Learning by experimentation: Incremental refinement of incomplete planning domains},
  author={Gil, Yolanda},
  booktitle={Machine Learning Proceedings 1994},
  pages={87--95},
  year={1994},
  publisher={Elsevier}
}

@inproceedings{gipo,
  title={Gipo graphical interface for planning with objects},
  author={Simpson, RM},
  booktitle={Proceedings of the International Conference for Knowledge Engineering in Planning and Scheduling},
  year={2005},
  organization={Citeseer}
}

@article{gipoBis,
  author    = {Ron M. Simpson and
               Diane E. Kitchin and
               Thomas Leo McCluskey},
  title     = {Planning domain definition using {GIPO}},
  journal   = {Knowl. Eng. Rev.},
  volume    = {22},
  number    = {2},
  pages     = {117--134},
  year      = {2007}
}
@article{review_learn_action_model_ankuj,
  title={A Review on Learning Planning Action Models for Socio-Communicative HRI},
  author={Arora, Ankuj and Fiorino, Humbert and Pellier, Damien and Pesty, Sylvie},
  journal={arXiv preprint arXiv:1810.09245},
  year={2018}
}


@article{review_learn_action_model,
  title={Knowledge engineering tools in planning: State-of-the-art and future challenges},
  author={Shah, M and Chrpa, Lukas and Jimoh, Falilat and Kitchin, D and McCluskey, T and Parkinson, Simon and Vallati, Mauro},
  journal={Knowledge engineering for planning and scheduling},
  volume={53},
  pages={53},
  year={2013}
}


@incollection{observer,
  title={Learning by observation and practice: An incremental approach for planning operator acquisition},
  author={Wang, Xuemei},
  booktitle={Machine Learning Proceedings 1995},
  pages={549--557},
  year={1995},
  publisher={Elsevier}
}

@article{locm,
  title={Acquiring planning domain models using LOCM},
  author={Cresswell, Stephen N and McCluskey, Thomas L and West, Margaret M},
  journal={The Knowledge Engineering Review},
  volume={28},
  number={2},
  pages={195--213},
  year={2013},
  publisher={Cambridge University Press}
}

@inproceedings{nlocm,
  author    = {Peter Gregory and
               Alan Lindsay},
  title     = {Domain Model Acquisition in Domains with Action Costs},
  booktitle = {{ICAPS}},
  pages     = {149--157},
  year      = {2016}}

@inproceedings{lop,
  author    = {Peter Gregory and
               Stephen Cresswell},
  title     = {Domain Model Acquisition in the Presence of Static Relations in the
               {LOP} System},
  booktitle = {{ICAPS}},
  pages     = {97--105},
  year      = {2015}}

@inproceedings{locm2,
  author    = {Stephen Cresswell and
               Peter Gregory},
  title     = {Generalised Domain Model Acquisition from Action Traces},
  booktitle = {{ICAPS}},
  year      = {2011}}

@inproceedings{rim,
  title={Refining incomplete planning domain models through plan traces},
  author={Zhuo, Hankz Hankui and Nguyen, Tuan and Kambhampati, Subbarao},
  booktitle={Twenty-Third International Joint Conference on Artificial Intelligence},
  year={2013}
}

@inproceedings{opmaker,
  title={An Interactive Method for Inducing Operator Descriptions.},
  author={McCluskey, Thomas Leo and Richardson, N Elisabeth and Simpson, Ron M},
  booktitle={AIPS},
  pages={121--130},
  year={2002}
}

@article{lamp,
  title={Learning complex action models with quantifiers and logical implications},
  author={Zhuo, Hankz Hankui and Yang, Qiang and Hu, Derek Hao and Li, Lei},
  journal={Artificial Intelligence},
  volume={174},
  number={18},
  pages={1540--1569},
  year={2010},
  publisher={Elsevier}
}

@inproceedings{aman,
  title={Action-model acquisition from noisy plan traces},
  author={Zhuo, Hankz Hankui and Kambhampati, Subbarao},
  booktitle={Twenty-Third International Joint Conference on Artificial Intelligence},
  year={2013}
}

@article{ARMS,
  title={Learning action models from plan examples using weighted MAX-SAT},
  author={Yang, Qiang and Wu, Kangheng and Jiang, Yunfei},
  journal={Artificial Intelligence},
  volume={171},
  number={2-3},
  pages={107--143},
  year={2007},
  publisher={Elsevier}
}

@inproceedings{DBLP:conf/ecai/MouraoPS10,
  author    = {Kira Mour{\~{a}}o and
               Ronald P. A. Petrick and
               Mark Steedman},
  title     = {Learning action effects in partially observable domains},
  booktitle = {{ECAI} 2010 - 19th European Conference on Artificial Intelligence,
               Lisbon, Portugal, August 16-20, 2010, Proceedings},
  pages     = {973--974},
  year      = {2010}}

@inproceedings{lso_nio,
author    = {Kira Mour{\~{a}}o and
             Luke S. Zettlemoyer and
             Ronald P. A. Petrick and
             Mark Steedman},
title     = {Learning {STRIPS} Operators from Noisy and Incomplete Observations},
booktitle = {Proceedings of the Twenty-Eighth Conference on Uncertainty in Artificial
             Intelligence, Catalina Island, CA, USA, August 14-18, 2012},
pages     = {614--623},
year      = {2012}
}

@inproceedings{slaf,
  title={Learning partially observable action schemas},
  author={Shahaf, Dafna and Amir, Eyal},
  booktitle={Proceedings of the National Conference on Artificial Intelligence},
  volume={21},
  number={1},
  pages={913},
  year={2006},
  organization={Menlo Park, CA; Cambridge, MA; London; AAAI Press; MIT Press; 1999}
}

@inproceedings{foolmetwice,
  title={Learning unknown event models},
  author={Molineaux, Matthew and Aha, David W},
  booktitle={Twenty-Eighth AAAI Conference on Artificial Intelligence},
  year={2014}
}

@inproceedings{laws,
  title={Cross-domain action-model acquisition for planning via web search},
  author={Zhuo, Hankz Hankui and Yang, Qiang and Pan, Rong and Li, Lei},
  booktitle={Twenty-First International Conference on Automated Planning and Scheduling},
  year={2011}
}


@inproceedings{strips_ws,
  title={Efficient learning of action schemas and web-service descriptions.},
  author={Walsh, Thomas J and Littman, Michael L},
  booktitle={AAAI},
  volume={8},
  pages={714--719},
  year={2008}
}

@article{strips,
  title={STRIPS: A new approach to the application of theorem proving to problem solving},
  author={Fikes, Richard E and Nilsson, Nils J},
  journal={Artificial intelligence},
  volume={2},
  number={3-4},
  pages={189--208},
  year={1971},
  publisher={Elsevier}}

@inproceedings{srmlearn,
  title={Action Model Acquisition using Sequential Pattern Mining},
  author={Arora, Ankuj and Fiorino, Humbert and Pellier, Damien and Pesty, Sylvie},
  booktitle={Joint German/Austrian Conference on Artificial Intelligence (K{\"u}nstliche Intelligenz)},
  pages={286--292},
  year={2017},
  organization={Springer}
}

@inproceedings{cama,
  title={Crowdsourced action-model acquisition for planning},
  author={Zhuo, Hankz Hankui},
  booktitle={Twenty-Ninth AAAI Conference on Artificial Intelligence},
  year={2015}
}

@article{amdn,
  author    = {Hankz Hankui Zhuo and
               Jing Peng and
               Subbarao Kambhampati},
  title     = {Learning Action Models from Disordered and Noisy Plan Traces},
  journal   = {CoRR},
  volume    = {abs/1908.09800},
  year      = {2019}
}

@article{fama,
  author    = {Diego Aineto and
               Sergio Jim{\'{e}}nez Celorrio and
               Eva Onaindia},
  title     = {Learning action models with minimal observability},
  journal   = {Artif. Intell.},
  volume    = {275},
  pages     = {104--137},
  year      = {2019}
}



@article{strips_aineto,
  author    = {Diego Aineto and
               Sergio Jim{\'{e}}nez and
               Eva Onaindia},
  title     = {Learning {STRIPS} Action Models with Classical Planning},
  journal   = {CoRR},
  volume    = {abs/1903.01153},
  year      = {2019}
}

@article{review_jimenez,
  author    = {Sergio Jim{\'{e}}nez Celorrio and
               Tom{\'{a}}s de la Rosa and
               Susana Fern{\'{a}}ndez and
               Fernando Fern{\'{a}}ndez and
               Daniel Borrajo},
  title     = {A review of machine learning for automated planning},
  journal   = {Knowledge Eng. Review},
  volume    = {27},
  number    = {4},
  pages     = {433--467},
  year      = {2012}
  }


@article{PDeepLearn,
  author    = {Ankuj Arora and
               Humbert Fiorino and
               Damien Pellier and
               Sylvie Pesty},
  title     = {Action Model Acquisition using {LSTM}},
  journal   = {CoRR},
  volume    = {abs/1810.01992},
  year      = {2018}
}

@inproceedings{plan-milner,
    title   = {  Learning Numerical Action Models from Noisy and Partially Observable States by means of Inductive Rule Learning Techniques},
  author    = { Segura-Muros, Jos{\'e} {\'A} and
                P{\'e}rez, Ra{\'u}l and
                Fern{\'a}ndez-Olivares, Juan},
  booktitle={{KEPS} 2018},
  pages={46--53},
  year={2018}
}

@inproceedings{era,
  title={Learning action models for navigation in noisy environments},
  author={Balac, Natasha and Gaines, Daniel M and Fisher, Doug},
  booktitle={ICML Workshop on Machine Learning of Spatial Knowledge},
  year={2000}
}

@inproceedings{era2,
  author    = {Natasha Balac and
               Daniel M. Gaines and
               Douglas Fisher},
  title     = {Using regression trees to learn action models},
  booktitle = {Proceedings of the {IEEE} International Conference on Systems, Man
               {\&} Cybernetics: "Cybernetics Evolving to Systems, Humans, Organizations,
               and their Complex Interactions"},
  pages     = {3378--3383},
  year      = {2000}}

@inproceedings{louga,
  author    = {Jir{\'{\i}} Kucera and
               Roman Bart{\'{a}}k},
  title     = {{LOUGA:} Learning Planning Operators Using Genetic Algorithms},
  booktitle = {{PKAW} 2018},
  pages     = {124--138},
  year      = {2018}
}

@inproceedings{irale,
  author    = {Christophe Rodrigues and
               Pierre G{\'{e}}rard and
               C{\'{e}}line Rouveirol},
  title     = {Incremental Learning of Relational Action Models in Noisy Environments},
  booktitle = {{ILP} 2010},
  pages     = {206--213},
  year      = {2010}
}

@inproceedings{irale2,
  author    = {Christophe Rodrigues and
               Pierre G{\'{e}}rard and
               C{\'{e}}line Rouveirol and
               Henry Soldano},
  title     = {Incremental Learning of Relational Action Rules},
  booktitle = {The Ninth International Conference on Machine Learning and Applications,
               {ICMLA} 2010, Washington, DC, USA, 12-14 December 2010},
  pages     = {451--458},
  year      = {2010}}

  @inproceedings{irale3,
    author    = {Christophe Rodrigues and
                 Pierre G{\'{e}}rard and
                 C{\'{e}}line Rouveirol and
                 Henry Soldano},
    title     = {Active Learning of Relational Action Models},
    booktitle = {Inductive Logic Programming - 21st International Conference, {ILP}
                 2011, Windsor Great Park, UK, July 31 - August 3, 2011, Revised Selected
                 Papers},
    pages     = {302--316},
    year      = {2011} }

    @inproceedings{pela,
  author    = {Sergio Jim{\'{e}}nez Celorrio and
               Fernando Fern{\'{a}}ndez and
               Daniel Borrajo},
  title     = {The {PELA} Architecture: Integrating Planning and Learning to Improve
               Execution},
  booktitle = {Proceedings of the Twenty-Third {AAAI} Conference on Artificial Intelligence,
               {AAAI} 2008, Chicago, Illinois, USA, July 13-17, 2008},
  pages     = {1294--1299},
  year      = {2008}}

  @inproceedings{marlie,
    author    = {Tom Croonenborghs and
                 Jan Ramon and
                 Hendrik Blockeel and
                 Maurice Bruynooghe},
    title     = {Online Learning and Exploiting Relational Models in Reinforcement
                 Learning},
    booktitle = {{IJCAI} 2007, Proceedings of the 20th International Joint Conference
                 on Artificial Intelligence, Hyderabad, India, January 6-12, 2007},
    pages     = {726--731},
    year      = {2007}}

@inproceedings{DBLP:conf/aips/PasulaZK04,
      author    = {Hanna Pasula and
                   Luke S. Zettlemoyer and
                   Leslie Pack Kaelbling},
      title     = {Learning Probabilistic Relational Planning Rules},
      booktitle = {Proceedings of the Fourteenth International Conference on Automated
                   Planning and Scheduling {(ICAPS} 2004), June 3-7 2004, Whistler, British
                   Columbia, Canada},
      pages     = {73--82},
      year      = {2004}}
@article{DBLP:journals/jair/PasulaZK07,
        author    = {Hanna M. Pasula and
                     Luke S. Zettlemoyer and
                     Leslie Pack Kaelbling},
        title     = {Learning Symbolic Models of Stochastic Domains},
        journal   = {J. Artif. Intell. Res.},
        volume    = {29},
        pages     = {309--352},
        year      = {2007}
}

@inproceedings{lust,
  author    = {David Mart{\'{\i}}nez and
               Tony Ribeiro and
               Katsumi Inoue and
               Guillem Aleny{\`{a}} and
               Carme Torras},
  title     = {Learning Probabilistic Action Models from Interpretation Transitions},
  booktitle = {Proceedings of the Technical Communications of the 31st International
               Conference on Logic Programming {(ICLP} 2015)},
  year      = {2015}
  }

  @article{live,
  author    = {Wei{-}Min Shen},
  title     = {Discovery as Autonomous Learning from the Environment},
  journal   = {Mach. Learn.},
  volume    = {12},
  pages     = {143--165},
  year      = {1993}
  }

  @inproceedings{lammas,
  author    = {Hankz Hankui Zhuo and
               Hector Mu{\~{n}}oz{-}Avila and
               Qiang Yang},
  title     = {Learning action models for multi-agent planning},
  booktitle = {10th International Conference on Autonomous Agents and Multiagent
               Systems {(AAMAS} 2011)},
  pages     = {217--224},
  year      = {2011}
  }

  @article{learn_hierar,
  title={Learning hierarchical task models by demonstration},
  author={Garland, Andrew and Lesh, Neal},
  journal={Mitsubishi Electric Research Laboratory (MERL), USA--(January 2002)},
  year={2003},
  publisher={Citeseer}
}

@inproceedings{htn_learner,
  title={Learning HTN method preconditions and action models from partial observations},
  author={Zhuo, Hankz Hankui and Hu, Derek Hao and Hogg, Chad and Yang, Qiang and Munoz-Avila, Hector},
  booktitle={Twenty-First International Joint Conference on Artificial Intelligence},
  year={2009}
}

@Article{lope,
  title={An integrated approach of learning, planning, and execution},
  author={Garcia-Martinez, Ramon and Borrajo, Daniel},
  journal={Journal of Intelligent and Robotic Systems},
  volume={29},
  number={1},
  pages={47--78},
  year={2000},
  publisher={Springer}
}

@inproceedings{DBLP:conf/ecai/BonetG20,
  author    = {Blai Bonet and
               Hector Geffner},
  title     = {Learning First-Order Symbolic Representations for Planning from the
               Structure of the State Space},
  booktitle = {{ECAI} 2020 - 24th European Conference on Artificial Intelligence,
               29 August-8 September 2020, Santiago de Compostela, Spain, August
               29 - September 8, 2020 - Including 10th Conference on Prestigious
               Applications of Artificial Intelligence {(PAIS} 2020)},
  pages     = {2322--2329},
  year      = {2020}
}

@article{tim,
  title={Extending TIM domain analysis to handle ADL constructs},
  author={Cresswell, Stephen and Fox, Maria and Long, Derek},
  journal={Knowledge Engineering Tools and Techniques for AI Planning: AIPS},
  volume={2},
  year={2002}
}

@article{cardis,
  author    = {Dongning Rao and
               Zhihua Jiang},
  title     = {Learning Planning Domain Descriptions in {RDDL}},
  journal   = {Int. J. Artif. Intell. Tools},
  volume    = {24},
  number    = {3},
  pages     = {1550002:1--1550002:29},
  year      = {2015}
}

@inproceedings{aia,
  title={Asking the Right Questions: Learning Interpretable Action Models Through Query Answering},
  author={Verma, Pulkit and Marpally, Shashank Rao and Srivastava, Siddharth},
  booktitle={Proc. AAAI},
  year={2021}
}

@inproceedings{DBLP:conf/aips/LindsayFRM20,
  author    = {Alan Lindsay and
               Santiago Franco and
               Rubiya Reba and
               Thomas Leo McCluskey},
  title     = {Refining Process Descriptions from Execution Data in Hybrid Planning
               Domain Models},
  booktitle = {Proceedings of the Thirtieth International Conference on Automated
               Planning and Scheduling, Nancy, France, October 26-30, 2020},
  pages     = {469--477}}

  @inproceedings{NLtoPDDL,
  title={NLtoPDDL: One-Shot Learning of PDDL Models from Natural Language Process Manuals},
  author={Miglani, Shivam and Yorke-Smith, Neil},
  booktitle={ICAPS'20 Workshop on Knowledge Engineering for Planning and Scheduling (KEPS'20)},
  year={2020},
  organization={ICAPS}
}

@inproceedings{easdrl,
  author    = {Wenfeng Feng and
               Hankz Hankui Zhuo and
               Subbarao Kambhampati},
  title     = {Extracting Action Sequences from Texts Based on Deep Reinforcement
               Learning},
  booktitle = {Proceedings of the Twenty-Seventh International Joint Conference on
               Artificial Intelligence, {IJCAI} 2018, July 13-19, 2018, Stockholm,
               Sweden},
  pages     = {4064--4070},
  year      = {2018}
}

@inproceedings{fosae,
  title={Unsupervised grounding of plannable first-order logic representation from images},
  author={Asai, Masataro},
  booktitle={Proceedings of the International Conference on Automated Planning and Scheduling},
  volume={29},
  pages={583--591},
  year={2019}
}

@article{itsimple,
  author    = {Tiago Stegun Vaquero and
               Jos{\'{e}} Reinaldo Silva and
               Flavio Tonidandel and
               J. Christopher Beck},
  title     = {itSIMPLE: towards an integrated design system for real planning applications},
  journal   = {Knowl. Eng. Rev.},
  volume    = {28},
  number    = {2},
  pages     = {215--230},
  year      = {2013}
}

@inproceedings{itsimple2,
  author    = {Tiago Stegun Vaquero and
               Victor Romero and
               Flavio Tonidandel and
               Jos{\'{e}} Reinaldo Silva},
  title     = {itSIMPLE 2.0: An Integrated Tool for Designing Planning Domains},
  booktitle = {Proceedings of the Seventeenth International Conference on Automated
               Planning and Scheduling, {ICAPS} 2007, Providence, Rhode Island, USA,
               September 22-26, 2007},
  pages     = {336--343},
  year      = {2007}
}

@article{jabbah,
  title={JABBAH: a Java application framework for the translation between business process models and HTN},
  author={Gonz{\'a}lez-Ferrer, Arturo and Fern{\'a}ndez-Olivares, Juan and Castillo, Luis and others},
  journal={Proceedings of the 3rd International Competition on Knowledge Engineering for Planning and Scheduling (ICKEPS’09)},
  year={2009}
}

@article{pddlstudio,
  title={Inspect, edit and debug PDDL documents: Simply and efficiently with PDDL studio},
  author={Plch, Tomas and Chomut, Miroslav and Brom, Cyril and Bart{\'a}k, Roman},
  journal={System Demonstrations and Exhibits at ICAPS},
  pages={15--18},
  year={2012}
}

@inproceedings{viz,
  title={Visual design of planning domains},
  author={Vodr{\'a}zka, Jindrich and Chrpa, Luk{\'a}{\v{s}}},
  booktitle={Proceedings of ICAPS 2010 workshop on Scheduling and Knowledge Engineering for Planning and Scheduling (KEPS)},
  pages={68--69},
  year={2010}
}

@inproceedings{anml,
  title={The ANML language},
  author={Smith, David E and Frank, Jeremy and Cushing, William},
  booktitle={The ICAPS-08 Workshop on Knowledge Engineering for Planning and Scheduling (KEPS)},
  year={2008}
}

@article{europa,
  title={EUROPA: A platform for AI planning, scheduling, constraint programming, and optimization},
  author={Barreiro, Javier and Boyce, Matthew and Do, Minh and Frank, Jeremy and Iatauro, Michael and Kichkaylo, Tatiana and Morris, Paul and Ong, James and Remolina, Emilio and Smith, Tristan and others},
  journal={4th International Competition on Knowledge Engineering for Planning and Scheduling (ICKEPS)},
  year={2012}
}

@inproceedings{camel,
  author    = {Okhtay Ilghami and
               Dana S. Nau and
               H{\'{e}}ctor Mu{\~{n}}oz{-}Avila and
               David W. Aha},
  title     = {CaMeL: Learning Method Preconditions for {HTN} Planning},
  booktitle = {Proceedings of the Sixth International Conference on Artificial Intelligence
               Planning Systems, April 23-27, 2002, Toulouse, France},
  pages     = {131--142},
  year      = {2002}
}

@inproceedings{camel+,
  author    = {Okhtay Ilghami and
               H{\'{e}}ctor Mu{\~{n}}oz{-}Avila and
               Dana S. Nau and
               David W. Aha},
  title     = {Learning approximate preconditions for methods in hierarchical plans},
  booktitle = {Machine Learning, Proceedings of the Twenty-Second International Conference
               {(ICML} 2005), Bonn, Germany, August 7-11, 2005},
  pages     = {337--344},
  year      = {2005}
}

@inproceedings{yoon2007towards,
  title={Towards model-lite planning: A proposal for learning \& planning with incomplete domain models},
  author={Yoon, Sungwook and Kambhampati, Subbarao},
  booktitle={ICAPS2007 Workshop on Artificial Intelligence Planning and Learning},
  year={2007}
}

@inproceedings{DBLP:conf/ecai/Garrido020,
  author    = {Antonio Garrido and
               Sergio Jim{\'{e}}nez},
  title     = {Learning Temporal Action Models via Constraint Programming},
  booktitle = {{ECAI} 2020 - 24th European Conference on Artificial Intelligence,
               29 August-8 September 2020, Santiago de Compostela, Spain, August
               29 - September 8, 2020 - Including 10th Conference on Prestigious
               Applications of Artificial Intelligence {(PAIS} 2020)},
  pages     = {2362--2369}}

  @article{shah2013knowledge,
  title={Knowledge engineering tools in planning: State-of-the-art and future challenges},
  author={Shah, M and Chrpa, Luk{\'a}s and Jimoh, Falilat and Kitchin, D and McCluskey, T and Parkinson, Simon and Vallati, Mauro},
  journal={Knowledge engineering for planning and scheduling},
  volume={53},
  pages={53},
  year={2013}
}

@article{DBLP:journals/ker/JimenezRFFB12,
  author    = {Sergio Jim{\'{e}}nez Celorrio and
               Tom{\'{a}}s de la Rosa and
               Susana Fern{\'{a}}ndez and
               Fernando Fern{\'{a}}ndez and
               Daniel Borrajo},
  title     = {A review of machine learning for automated planning},
  journal   = {Knowl. Eng. Rev.},
  volume    = {27},
  number    = {4},
  pages     = {433--467},
  year      = {2012}}

@article{jilani2014automated,
  title={Automated knowledge engineering tools in planning: state-of-the-art and future challenges},
  author={Jilani, Rabia and Crampton, Andrew and Kitchin, Diane E and Vallati, Mauro},
  year={2014},
  booktitle={{KEPS} 2014}
}

@article{DBLP:journals/ker/AroraFPMP18,
  author    = {Ankuj Arora and
               Humbert Fiorino and
               Damien Pellier and
               Marc M{\'{e}}tivier and
               Sylvie Pesty},
  title     = {A review of learning planning action models},
  journal   = {Knowl. Eng. Rev.},
  volume    = {33},
  pages     = {e20},
  year      = {2018}}
